@article{gallo_value_2014,
	title = {The {Value} of {Keeping} the {Right} {Customers}},
	url = {https://hbr.org/2014/10/the-value-of-keeping-the-right-customers},
	journal = {Harvard Business Review},
	author = {Gallo, Amy},
	month = oct,
	year = {2014},
}

@article{reichheld_zero_1990,
	title = {Zero defections: {Quality} comes to services},
	volume = {68},
	number = {5},
	journal = {Harvard Business Review},
	author = {Reichheld, Frederick F. and Sasser, W. Earl},
	year = {1990},
	pages = {105--111},
}

@misc{customergauge_average_2022,
	title = {What's the {Average} {Churn} {Rate} by {Industry}?},
	url = {https://customergauge.com/blog/average-churn-rate-by-industry},
	journal = {CustomerGauge},
	author = {CustomerGauge},
	month = aug,
	year = {2022},
}